<record><leader>00000cas a2200000 a 4500</leader><controlfield tag="001">9108877</controlfield><controlfield tag="008">830107d19822006iluwr ne      0   a0eng c</controlfield><datafield ind1=" " ind2=" " tag="010"><subfield code="a">sn 82000734 </subfield></datafield><datafield ind1=" " ind2=" " tag="040"><subfield code="a">NSD</subfield><subfield code="b">eng</subfield><subfield code="c">NSD</subfield><subfield code="d">CVF</subfield><subfield code="d">OCLCQ</subfield><subfield code="d">CUS</subfield><subfield code="d">NVF</subfield><subfield code="d">OCLCQ</subfield><subfield code="d">OCLCF</subfield><subfield code="d">NVF</subfield></datafield><datafield ind1=" " ind2=" " tag="012"><subfield code="k">1</subfield><subfield code="m">1</subfield></datafield><datafield ind1="1" ind2=" " tag="022"><subfield code="a">0745-3744</subfield><subfield code="l">0745-3744</subfield><subfield code="2">1</subfield></datafield><datafield ind1=" " ind2=" " tag="032"><subfield code="a">903500</subfield><subfield code="b">USPS</subfield></datafield><datafield ind1=" " ind2=" " tag="037"><subfield code="b">Pioneer Press Inc., 1232 Central, Wilmette, IL 60091</subfield></datafield><datafield ind1=" " ind2=" " tag="042"><subfield code="a">pcc</subfield><subfield code="a">nsdp</subfield></datafield><datafield ind1=" " ind2=" " tag="043"><subfield code="a">n-us-il</subfield></datafield><datafield ind1=" " ind2="0" tag="222"><subfield code="a">Melrose Park herald with news of Stone Park</subfield></datafield><datafield ind1="0" ind2="0" tag="245"><subfield code="a">Melrose Park herald.</subfield></datafield><datafield ind1=" " ind2=" " tag="260"><subfield code="a">Oak Park, Ill. :</subfield><subfield code="b">Pioneer Press,</subfield><subfield code="c">1982-2006.</subfield></datafield><datafield ind1=" " ind2=" " tag="300"><subfield code="a">25 v.</subfield></datafield><datafield ind1=" " ind2=" " tag="310"><subfield code="a">Weekly,</subfield><subfield code="b">June 14, 1995-Nov. 8, 2006</subfield></datafield><datafield ind1=" " ind2=" " tag="321"><subfield code="a">Weekly,</subfield><subfield code="b">Dec. 29, 1982-May 3, 1989</subfield></datafield><datafield ind1=" " ind2=" " tag="321"><subfield code="a">Weekly (except semiweekly in Mar., June, and Sept.),</subfield><subfield code="b">May 10, 1989-June 7, 1995</subfield></datafield><datafield ind1="0" ind2=" " tag="362"><subfield code="a">Vol. 12, no. 40 (Dec. 29, 1982)-v. 36, no. 34 (Nov. 8, 2006).</subfield></datafield><datafield ind1=" " ind2=" " tag="530"><subfield code="a">Also available via the World Wide Web.</subfield></datafield><datafield ind1=" " ind2=" " tag="580"><subfield code="a">Merged with: Maywood herald (Oak Park, Ill. : 1971), and: West Proviso herald, and: Westchester herald (Wilmette, Ill.), to form: Proviso herald (Oak Park, Ill. : 2006).</subfield></datafield><datafield ind1=" " ind2="0" tag="651"><subfield code="a">Melrose Park (Ill.)</subfield><subfield code="v">Newspapers.</subfield></datafield><datafield ind1=" " ind2="0" tag="651"><subfield code="a">Stone Park (Ill.)</subfield><subfield code="v">Newspapers.</subfield></datafield><datafield ind1=" " ind2="7" tag="651"><subfield code="a">Illinois</subfield><subfield code="z">Melrose Park.</subfield><subfield code="2">fast</subfield><subfield code="0">(OCoLC)fst01226726</subfield></datafield><datafield ind1=" " ind2="7" tag="651"><subfield code="a">Illinois</subfield><subfield code="z">Stone Park.</subfield><subfield code="2">fast</subfield><subfield code="0">(OCoLC)fst01229912</subfield></datafield><datafield ind1=" " ind2="7" tag="655"><subfield code="a">Newspapers.</subfield><subfield code="2">fast</subfield><subfield code="0">(OCoLC)fst01423814</subfield></datafield><datafield ind1=" " ind2=" " tag="752"><subfield code="a">United States</subfield><subfield code="b">Illinois</subfield><subfield code="c">Cook</subfield><subfield code="d">Oak Park.</subfield></datafield><datafield ind1="0" ind2="8" tag="776"><subfield code="i">Online version:</subfield><subfield code="t">Melrose Park herald (Online)</subfield><subfield code="w">(DLC)sn 82000734</subfield><subfield code="w">(OCoLC)233142123</subfield></datafield><datafield ind1="0" ind2="0" tag="780"><subfield code="t">Herald (Oak Park, Ill.)</subfield><subfield code="w">(DLC)sn2001061221</subfield><subfield code="w">(OCoLC)46913563</subfield></datafield><datafield ind1="1" ind2="7" tag="785"><subfield code="t">Maywood herald (Oak Park, Ill. : 1971)</subfield><subfield code="x">1084-7944</subfield><subfield code="w">(DLC)sn 94054583</subfield><subfield code="w">(OCoLC)31018525</subfield></datafield><datafield ind1="1" ind2="7" tag="785"><subfield code="t">West Proviso herald</subfield><subfield code="x">1084-7928</subfield><subfield code="w">(DLC)sn 94060580</subfield><subfield code="w">(OCoLC)31072067</subfield></datafield><datafield ind1="1" ind2="7" tag="785"><subfield code="t">Westchester herald (Wilmette, Ill.)</subfield><subfield code="x">0889-9045</subfield><subfield code="w">(DLC)sn 86011716</subfield><subfield code="w">(OCoLC)14101194</subfield></datafield><datafield ind1="1" ind2="7" tag="785"><subfield code="t">Proviso herald (Oak Park, Ill. : 2006)</subfield><subfield code="w">(DLC)  2009271112</subfield><subfield code="w">(OCoLC)76802990</subfield></datafield><datafield ind1="1" ind2=" " tag="029"><subfield code="a">AU@</subfield><subfield code="b">000020393578</subfield></datafield></record>